
@article{chen2021evaluating,
  title   = {Evaluating large language models trained on code},
  author  = {Chen, Mark and Tworek, Jerry and Jun, Heewoo and Yuan, Qiming and Pinto, Henrique Ponde De Oliveira and Kaplan, Jared and Edwards, Harri and Burda, Yuri and Joseph, Nicholas and Brockman, Greg and others},
  journal = {arXiv preprint arXiv:2107.03374},
  year    = {2021}
}